% Blibliografía de la memoria
\begin{comment}
@book{koza92,
		author    = "Koza, John R.",
		title     = "Genetic Programming: On the Programming of Computers by Means of Natural Selection",
		publisher = "MIT Press",
		year      = "1992"
}

@misc{ wiki:latex,
       author = "Wikipedia",
       title = "LaTeX --- Wikipedia{,} La enciclopedia libre",
       year = "2015",
       url = "https://es.wikipedia.org/w/index.php?title=LaTeX&oldid=84209252",
       note = "[Internet; descargado 30-septiembre-2015]"
}


@article{LeyDepatentes,
  title={Ley 24/2015, de 24 de julio, de Patentes (BOE-A-2015-8328).},
  author={BOE},
  journal={Boletín Oficial del Estado},
  number={177},
  year={2015},
  publisher={Jefatura del Estado},
  URL = {https://www.boe.es/buscar/act.php?id=BOE-A-2015-8328}
}

\end{comment}
% ------------------------------------------------
% TEORíA
%Cano de la Cuerda, & Collado Vázquez, S. (2012). Neurorrehabilitación métodos específicos de valoración y tratamiento. Editorial Médica Panamericana. Capítulo 14. http://www.medicapanamericana.com.ubu-es.idm.oclc.org/VisorEbookV2/Ebook/9788498355765#{%22Pagina%22:%22139%22,%22Vista%22:%22Indice%22,%22Busqueda%22:%22%22} 
@book{Libro1,
  title={Neurorrehabilitaci{\'o}n: m{\'e}todos espec{\'\i}ficos de valoraci{\'o}n y tratamiento},
  author={Cano de la Cuerda, Roberto and Collado V{\'a}zquez, Susana},
  year={2012},
  publisher={Editorial M{\'e}dica Panamericana}
}

% -----Centro de masas-------

@online{CDM,
    author = "Khan Academy.",
    title = "¿Qué es es centro de masa?",
    url  = "https://es.khanacademy.org/science/physics/linear-momentum/center-of-mass/a/what-is-center-of-mass",
}
% ------------

%Kovacs, Gestoso García, M., & Vecchierini Dirat, N. M. (2011). Cómo cuidar su espalda (Segunda edición.). Editorial Paidotribo México. https://elibro-net.ubu-es.idm.oclc.org/es/ereader/ubu/114902  
@book{Libro2,
  title={C{\'o}mo cuidar su espalda},
  author={Kovacs, Francisco and Garc{\'\i}a, Mario Gestoso and Vecchierini, Nicole Dirat},
  year={2012},
  publisher={Paidotribo}
}

%Correa V. (2014). Fundamentos de pediatría. Tomo V (4a. ed.). Fondo Editorial CIB. Capítulo 38. https://elibro-net.ubu-es.idm.oclc.org/es/ereader/ubu/186699?page=895 
@book{Libro3_pediatria,
  title={Fundamentos de pediatr{\'\i}a Tomo V: Urgencias, neurolog{\'\i}a, oftalmolog{\'\i}a, otorrinolaringolog{\'\i}a, ortopedia},
  author={Correa, Jose and G{\'o}mez, Juan and Posada, Ricardo},
  year={2015},
  publisher={Corporaci{\'o}n para investigaciones Biol{\'o}gicas CIB}
}

% Ejarque. (2008). Artrosis & artritis: prevención, postura, reeducación y ejercicios. Editorial Paidotribo México.  https://elibro-net.ubu-es.idm.oclc.org/es/ereader/ubu/114846 
@book{Libro4_mayores,
  title={Artrosis \& artritis: Prevenci{\'o}n, postura, reeducaci{\'o}n y ejercicios (Bicolor)},
  author={Ejarque, A{\'\i}da Cristina},
  year={2011},
  publisher={Paidotribo}
}


%Ma Z, Hao Q. Posture Monitoring of Basketball Training Based on Intelligent Wearable Device. J Healthc Eng. 2022 Feb 12;2022:4121104. doi: 10.1155/2022/4121104. PMID: 35190761; PMCID: PMC8858049. https://pubmed.ncbi.nlm.nih.gov/35190761/
@article{Deportistas_1,
  title={Posture monitoring of basketball training based on intelligent wearable device},
  author={Ma, Zengyu and Hao, Qi},
  journal={Journal of Healthcare Engineering},
  volume={2022},
  year={2022},
  publisher={Hindawi}
}

%Zwierzchowska A, Gaweł E, Maszczyk A, Roczniok R. The importance of extrinsic and intrinsic compensatory mechanisms to body posture of competitive athletes a systematic review and meta-analysis. Sci Rep. 2022 May 25;12(1):8808. doi: 10.1038/s41598-022-12979-8. PMID: 35614193; PMCID: PMC9132917. https://pubmed.ncbi.nlm.nih.gov/35614193/
@article{Deportistas_2,
  title={The importance of extrinsic and intrinsic compensatory mechanisms to body posture of competitive athletes a systematic review and meta-analysis},
  author={Zwierzchowska, Anna and Gawe{\l}, Eliza and Maszczyk, Adam and Roczniok, Robert},
  journal={Scientific Reports},
  volume={12},
  number={1},
  pages={8808},
  year={2022},
  publisher={Nature Publishing Group UK London}
}

% Libro de la postura de la biblioteca

% Resto de enlaces

% ------------------------------------------------
% Introducción del estado del arte
%Yoong NKM, Perring J, Mobbs RJ. Commercial Postural Devices: A Review. Sensors (Basel). 2019 Nov 23;19(23):5128. doi: 10.3390/s19235128. PMID: 31771130; PMCID: PMC6929158. https://pubmed.ncbi.nlm.nih.gov/31771130/
@article{dispositivos,
  title={Commercial postural devices: A review},
  author={Yoong, Nicole Kah Mun and Perring, Jordan and Mobbs, Ralph Jasper},
  journal={Sensors},
  volume={19},
  number={23},
  pages={5128},
  year={2019},
  publisher={MDPI}
}
%García Patiño A, Khoshnam M, Menon C. Wearable Device to Monitor Back Movements Using an Inductive Textile Sensor. Sensors (Basel). 2020 Feb 8;20(3):905. doi: 10.3390/s20030905. PMID: 32046237; PMCID: PMC7038988. https://pubmed.ncbi.nlm.nih.gov/32046237/
@article{Dispositivos_otro,
  title={Wearable device to monitor back movements using an inductive textile sensor},
  author={Garc{\'\i}a Pati{\~n}o, Astrid and Khoshnam, Mahta and Menon, Carlo},
  journal={Sensors},
  volume={20},
  number={3},
  pages={905},
  year={2020},
  publisher={MDPI}
}

% ------------------------------------------------
% Artículo del dispositivo de la Universidad de A Coruña
% Referencia:
    % Rabuñal, J. R., Cuevas, J., Nogueira, M., Rodríguez-Sotillo, A., Patiño, S., Rivas, A., & Pazos, A. (2015). Dispositivo Inteligente para el Aprendizaje de la Correción Postural mediante Estimulación Vibratoria. Especial Innovación, 6. Retrieved from: http://seis.es/wp-content/uploads/2018/02/Revista-109.pdf#page=6  
\begin{comment}
@article{dispositivoUAC,
  title={Dispositivo Inteligente para el Aprendizaje de la Correción Postural mediante Estimulación Vibratoria.},
  author={J. R. Rabuñal, J. Cuevas, M. Nogueira, A. Rodríguez-Sotillo, S. Patiño, A. Rivas and A. & Pazos},
  journal={Especial Innovación},
  number={109},
  pages={6--11},
  year={2015},
  publisher={Sociedad Española de Informática y Salud},
  url={http://seis.es/wp-content/uploads/2018/02/Revista-109.pdf#page=6"}
}
\end{comment}

@article{dispUAC,
  title={Dispositivo Inteligente para el Aprendizaje de la Correci{\'o}n Postural mediante Estimulaci{\'o}n Vibratoria},
  author={Juan R Rabu{\~n}al and Jos{\'e} Cuevas and Mart{\'\i}n Nogueira and Antonio Rodr{\'\i}guez-Sotillo and Sergio Pati{\~n}o and Antonio Rivas and Alejandro Pazos},
  journal={Especial Innovaci{\'o}n},
  pages={6},
  year={2015}
}

% ------------------------------------------------
% Wirless T-Shirt
% Referencias:
    % E. Sardini, M. Serpelloni and V. Pasqui, "Wireless Wearable T-Shirt for Posture Monitoring During Rehabilitation Exercises," in IEEE Transactions on Instrumentation and Measurement, vol. 64, no. 2, pp. 439-448, Feb. 2015, doi: 10.1109/TIM.2014.2343411. Retrieved from: https://ieeexplore.ieee.org/document/6879298
@article{wirelessT-shirt,
  title={Wireless Wearable T-Shirt for Posture Monitoring During Rehabilitation Exercises},
  author={E. Sardini, M. Serpelloni and V. Pasqui},
  journal={IEEE Transactions on Instrumentation and Measurement},
  volume={64},
  number={2},
  pages={439-448},
  year={2015},
  publisher={IEEE},
  doi= {0.1109/TIM.2014.2343411},
  url={https://ieeexplore.ieee.org/document/6879298}
}
% ------------------------------------------------
% Uprihgt go
% Referencias:
    % https://store.uprightpose.com/products/upright-go2  
    % https://www.amazon.es/UpRight-Dispositivo-corrector-postura-corporal/dp/B0747YHYZF?th=1  
    % https://mejorconsalud.as.com/upright-dispositivo-mejorar-postura/  
    % https://www.uprightpose.com/en-de/science/ 

    % Manuales: https://manuals.plus/m/68128076f22ff3a39835113b4c030ef7df2065f3f8a573f0c54db8de4d0e5ad8_optim.pdf  o  https://www.manualslib.com/manual/1312878/Upright-Go.html?page=21#manual
% Online
@online{UprightGo1,
    author = "UPRIGHT",
    title = "Upright Go 2",
    url  = "https://store.uprightpose.com/products/upright-go2",
    %addendum = "(accessed: 01.02.2023)",
}
@online{UprightGo2,
    author = "UPRIGHT",
    title = "Upright Dispositivo corrector de postura corporal, para la espalda, -[Versión inglés]",
    url  = "https://www.amazon.es/UpRight-Dispositivo-corrector-postura-corporal/dp/B0747YHYZF?th=1",
    %addendum = "(accessed: 01.02.2023)",
}
@online{UprightGo3,
    author = "Rafael Victorino Muñoz",
    title = "UpRight: dispositivo para mejorar la postura",
    url  = "https://mejorconsalud.as.com/upright-dispositivo-mejorar-postura/",
    journal = "Mejor con Salud",
    %addendum = "(accessed: 01.02.2023)",
}
@online{UprightGo4,
    author = "UPRIGHT",
    title = "The science",
    url  = "https://www.uprightpose.com/en-de/science/",
    %addendum = "(accessed: 01.02.2023)",
}
@online{UprightGo5,
    author = "UPRIGHT",
    title = "UPRIGHT GO 2 Posture Trainer User Manual",
    url  = "https://manuals.plus/upright/go-2-posture-trainer-manual.pdf",
    addendum = "(accessed: 01.02.2023)",
}
@online{UprightGo6,
    author = "Manualslib",
    title = "UPRIGHT GO",
    url  = "https://www.manualslib.com/manual/1312878/Upright-Go.html?page=21#manual",
    addendum = "(accessed: 01.02.2023)",
}

% ------------------------------------------------
%  Hipee

% Referencias: 
% https://xiaomipedia.com/p/hipee-posture-correction-device/    
% https://www.lasexta.com/tecnologia-tecnoxplora/gadgets/este-collar-inteligente-que-vende-xiaomi-evita-malas-posturas-espalda_202010225f91862051dc2300012741ef.html 

@online{Hipee1,
    author = "Xiaomipedia",
    title = "Hipee Posture Correction Device",
    url  = "https://xiaomipedia.com/p/hipee-posture-correction-device/",
    addendum = "(accessed: 01.02.2023)",
}
@online{Hipee2,
    journal = "TecnoXplora, laSexta",
    author = "Jorge Sanz Fernández",
    title = "Este collar inteligente que vende Xiaomi evita las malas posturas de tu espalda",
    subtitle = "Un dispositivo barato, muy útil y con un diseño desenfadado para adultos y niños",
    url  = "https://www.lasexta.com/tecnologia-tecnoxplora/gadgets/este-collar-inteligente-que-vende-xiaomi-evita-malas-posturas-espalda_202010225f91862051dc2300012741ef.html",
    addendum = "(accessed: 01.02.2023)",
}

% ------------------------------------------------
% SPINE3D
% Referencias:
    % https://www.sensormedica.com/es/spine3d/
@online{SPINE3D,
    author = "Sensor Medica",
    title = "SPINE 3D",
    url  = "https://www.sensormedica.com/es/spine3d/",
    addendum = "(accessed: 01.03.2023)",
}

% ------------------------------------------------
% Sistema dinámico de medición de la presión del pie.
% Referencias:
    % https://alfoots.com:5000/sub/02_sub/02_sub02.php
@online{SisDinPresionPie,
    author = "alFOOTs",
    title = "Equipos de diagnóstico. Sistema dinámico de medición de la presión del pie.",
    url  = "https://alfoots.com:5000/sub/02_sub/02_sub02.php",
    addendum = "(accessed: 01.03.2023)",
}

% ------------------------------------------------
% Sistema 3D BAK
% Referencias:
% http://diasu.com/sistemi-biometrici/  
@misc{3DBAK,
    author = "Diasu, Health Technologies",
    title = "Sistemas biométricos, 3D BAK",
    url  = "http://diasu.com/sistemi-biometrici/",
    urldate = "01-02-2023",
    addendum = "(accessed: 01.02.2023)",
}

% ------------------------------------------------
% Sistema PGO
% Referencias:
    % https://alfoots.com:5000/sub/02_sub/02_sub02.php
@online{SisPGO,
    author = "alFOOTs",
    title = "Equipos de diagnóstico. Sistema de medición de la marcha.",
    url  = "https://alfoots.com:5000/sub/02_sub/02_sub02.php",
    addendum = "(accessed: 01.03.2023)",
}

% ------------------------------------------------
% Sistema GPA
% Referencias:
    % https://alfoots.com:5000/sub/02_sub/02_sub02.php
@online{SisGPA,
    author = "alFOOTs",
    title = "Equipos de diagnóstico. Sistema GPA.",
    url  = "https://alfoots.com:5000/sub/02_sub/02_sub02.php",
    addendum = "(accessed: 01.03.2023)",
}

% ------------------------------------------------
% Sistema PLIANCE
% Referencias:
    % https://www.novelusa.com/products
    % https://www.novelusa.com/pliance
@online{Pliance1,
    author = "novel USA",
    title = "novel Products, the correct system for your application",
    url  = "https://www.novelusa.com/products",
    addendum = "(accessed: 15.02.2023)",
}
@online{Pliance2,
    author = "novel USA",
    title = "Pliance,the trusted source for pressure distribution measurement between soft and curved surfaces.",
    url  = "https://www.novelusa.com/pliance",
    addendum = "(accessed: 15.02.2023)",
}
% ------------------------------------------------
% Siren Diabetic Socks
@online{SirenSocks1,
    author = "Siren",
    title = "Preventative Foot Care For Patients",
    url  = "https://www.siren.care/for-patients",
    addendum = "(accessed: 15.05.2023)",
}
@article{SirenSocks2,
  title={Continuous temperature-monitoring socks for home use in patients with diabetes: observational study},
  author={Reyzelman, Alexander M and Koelewyn, Kristopher and Murphy, Maryam and Shen, Xuening and Yu, E and Pillai, Raji and Fu, Jie and Scholten, Henk Jan and Ma, Ran},
  journal={Journal of medical Internet research},
  volume={20},
  number={12},
  pages={e12460},
  year={2018},
  publisher={JMIR Publications Toronto, Canada}
}

% ------------------------------------------------
% Dispositivos de yoga
@article{YOGA,
  title={Development of a yoga posture coaching system using an interactive display based on transfer learning},
  author={Long, Chhaihuoy and Jo, Eunhye and Nam, Yunyoung},
  journal={The Journal of Supercomputing},
  pages={1--16},
  year={2022},
  publisher={Springer}
}
@online{NadiX,
    author = "Wearable X",
    title = "Wearable X | Fashion technology company building future of clothing",
    url  = "https://www.wearablex.com/",
    addendum = "(accessed: 17.05.2023)",
}

% ------------------------------------------------
% Overleaf
%(Referencia: https://www.overleaf.com/learn/latex/Learn_LaTeX_in_30_minutes#What_is_LaTeX )
@online{Overleaf,
    author = "Overleaf, Online LaTeX Editor",
    title = "Learn LaTeX in 30 minutes",
    url  = "https://www.overleaf.com/learn/latex/Learn_LaTeX_in_30_minutes#What_is_LaTeX",
    addendum = "(accessed: 17.05.2023)",
}

% ------------------------------------------------
% Diagrams.net
% Referencia: https://www.diagrams.net/doc/getting-started-editor
@online{Diagrams.net,
    author = "Draw.io",
    title = "Use the draw.io editor.",
    url  = "https://www.diagrams.net/doc/getting-started-editor",
    addendum = "(accessed: 17.03.2023)",
}

% ------------------------------------------------
% Tinkercad
% Referencia: https://www.tinkercad.com/circuits 
@online{Tinkercad,
    author = "Tinkercad",
    title = "Circuits on Tinkercad",
    url  = "https://www.tinkercad.com/circuits",
    addendum = "(accessed: 17.03.2023)",
}

% ------------------------------------------------
% GITHUB
@online{GitHub,
    author = "GitHub",
    title = "GitHub",
    url  = "https://github.com/github",
    addendum = "(accessed: 17.05.2023)",
}
% ------------------------------------------------
% Arduino
% Referencia: https://www.arduino.cc/en/Guide/Introduction
@online{Arduino1,
    author = "Arduino",
    title = "What is Arduino?",
    url  = "https://www.arduino.cc/en/Guide/Introduction",
    addendum = "(accessed: 17.03.2023)",
}
@online{Arduino2,
    author = "Arduino",
    title = "UNO R3, Arduino documentation",
    url  = "https://docs.arduino.cc/hardware/uno-rev3",
    addendum = "(accessed: 17.03.2023)",
}

% ------------------------------------------------
% Protoboard



% ------------------------------------------------
% Cableado de arduino



% ------------------------------------------------
% Resistencias de arduino


% ------------------------------------------------
% Leds arduino


% ------------------------------------------------
% pulsador arduino


% ------------------------------------------------
% cable USB arduino


% ------------------------------------------------
% Motor de vibración
% 
@online{imgMotorVibr,
    author = "Amazon",
    title = "HALJIA 1027 3.0-5.3V / 60mA DC teléfono móvil Mini plano vibrador motor amortiguador módulo de motor móvil módulo de vibración DIY compatible con Arduino",
    url  = "https://www.amazon.es/HALJIA-3-0-5-3V-amortiguador-vibraci\%C3\%B3n-compatible/dp/B07QL8CMH7/ref=sr_1_5?adgrpid=1306220248585786&hvadid=81638854201696&hvbmt=be&hvdev=c&hvlocphy=164442&hvnetw=o&hvqmt=e&hvtargid=kwd-81639001143095\%3Aloc-170&hydadcr=13810_1913999&keywords=vibration+motor+arduino&qid=1687121764&sr=8-5",
}

% ------------------------------------------------
% Zumbador pasivo


% ------------------------------------------------
% Módulo SCA60C
@online{imgSCA60C,
    author = "Amazon",
    title = "Phenovo Single-axis Tilt Sensor Module SCA60C Angle Tilt Detection Level Detector",
    url  = "https://www.amazon.in/Phenovo-Single-axis-Sensor-Detection-Detector/dp/B07L3TTPM3",
}

@online{SCA60C,
    author = "E.Fahad",
    title = "SCA60C Angle Sensor with Arduino Interfacing and Programming",
    year = "2021",
    journal = "Electronic Clinic",
    url  = "https://www.electroniclinic.com/sca60c-angle-sensor-with-arduino-interfacing-and-programming/",
}
% ------------------------------------------------
% Galgas extensiométricas y módulo HX711
@online{imgGyHX711,
    author = "Amazon",
    title = "ARCELI HX711 ADC Convertidor Módulo Breakout Digital Sensor de Peso de la célula de Carga 1 KG Balanza de Cocina electrónica portátil, DIYmall para pesaje de Peso de célula de Carga",
    url  = "https://www.amazon.es/ARCELI-Convertidor-Breakout-electr\%C3\%B3nica-port\%C3\%A1til/dp/B07MY35F92",
}
@online{GyHX711_1,
    author = "Xukyo",
    title = "Medición de la fuerza con Arduino y el módulo HX711",
    year = "2021",
    journal = "AranaCorp",
    url  = "https://www.aranacorp.com/es/medicion-de-la-fuerza-con-arduino-y-el-modulo-hx711/",
}
@online{GyHX711_2,
    author = "Arduino Spain",
    title = "[GUíA] Arduino HX711 módulo sensor de peso + código, conexión.",
    year = "2022",
    url  = "https://www.electroniclinic.com/sca60c-angle-sensor-with-arduino-interfacing-and-programming/",
}
% ------------------------------------------------
% Acelerómetro ADXL345
@online{imgADXL345,
    author = "Electronilab",
    title = "ADXL345 – Acelerómetro Digital de Tres Ejes",
    url  = "https://electronilab.co/tienda/adxl345-acelerometro-digital-de-tres-ejes/",
}

@online{ADXL345,
    author = "Luis Llamas",
    title = "Usar un acelerómetro ADXL345 con Arduino.",
    year = "2016",
    url  = "https://www.luisllamas.es/arduino-acelerometro-adxl345/",
}

% ------------------------------------------------
% IMU MPU-6050
@online{imgMPU6050,
    author = "Robot Electronica",
    title = "Modulo 6y-521 Mpu6050 Giroscopio + Acelerometro Arduino",
    url  = "https://robot.com.ve/product/modulo-6y-521-mpu6050-giroscopio-acelerometro-arduino/",
} % Esta página tambien cuenta con un código de prueba con el que probar el dispositivo
@online{MPU6050_1,
    author = "Naylamp Mechatronics",
    title = "Tutorial MPU6050, Acelerómetro y Giroscopio.",
    url  = "https://naylampmechatronics.com/blog/45_tutorial-mpu6050-acelerometro-y-giroscopio.html",
}
@online{MPU6050_2,
    author = "Luis Llamas",
    title = "Determinar la orientación con Arduino y el IMU MPU-6050",
    url  = "https://www.luisllamas.es/arduino-orientacion-imu-mpu-6050/",
}
% ------------------------------------------------
% Módulo SW520D
% Referencia: 
    % https://www.luisllamas.es/medir-inclinacion-con-arduino-y-sensor-tilt-sw-520d/
@online{SW520D_1,
    author = "Luis Llamas",
    title = "Medir inclinación con Arduino y sensor tilt SW-520d.",
    url  = "https://www.luisllamas.es/medir-inclinacion-con-arduino-y-sensor-tilt-sw-520d",
    year = "2015",
    addendum = "(accessed: 17.05.2023)",
}
@online{imgSW520D,
    author = "Saisac Mecatrónica",
    title = "SW-520D TILT SWITCH (10pcs/Lot)",
    url  = "https://saisac.pe/producto/sw-520d-tilt-switch-10pcs-lot/",
}

% ------------------------------------------------
% Módulo MPU-9250
@online{imgMPU9250,
    author = "WOLFGANG EWALD",
    title = "MPU9250 – 9-Axis Sensor Module – Part 2",
    url  = "https://wolles-elektronikkiste.de/en/mpu9250-9-axis-sensor-module-part-2",
    year = "2021",
    journal = "Wolles Elektronikkiste"
}% Esta página tambien cuenta con un código de prueba con el que probar el dispositivo
@online{libMPU9250,
    author = "Arduino",
    title = "MPU9250 - Arduino Reference.",
    url  = "https://reference.arduino.cc/reference/en/libraries/mpu9250/",
}
@online{MPU9250_1,
    author = "Luis Llamas",
    title = "Usar Arduino con los IMU de 9DOF MPU-9150 y MPU-9250",
    url  = "https://www.luisllamas.es/usar-arduino-con-los-imu-de-9dof-mpu-9150-y-mpu-9250/",
}
@online{MPU9250_2,
    author = "Microcontrollers Lab",
    title = "MPU9250 9-DOF Gyro Accelerator Magnetometer Module with Arduino.",
    year = "2022",
    url  = "https://microcontrollerslab.com/mpu9250-9-dof-module-pinout-interfacing-with-arduino-features-specifications/",
}
% ------------------------------------------------
% 


% ------------------------------------------------
% 



