@book{koza92,
		author    = "Koza, John R.",
		title     = "Genetic Programming: On the Programming of Computers by Means of Natural Selection",
		publisher = "MIT Press",
		year      = "1992"
}


@misc{ wiki:latex,
       author = "Wikipedia",
       title = "LaTeX --- Wikipedia{,} La enciclopedia libre",
       year = "2015",
       url = "https://es.wikipedia.org/w/index.php?title=LaTeX&oldid=84209252",
       note = "[Internet; descargado 30-septiembre-2015]"
}



% ------------------------------------------------
% Ley de patentes:
% https://www.boe.es/buscar/act.php?id=BOE-A-2015-8328
@article{patentes,
  title={Ley 24/2015, de 24 de julio, de Patentes (BOE-A-2015-8328).},
  author={BOE},
  journal={Boletín Oficial del Estado},
  number={177},
  year={2015},
  publisher={Jefatura del Estado},
  URL = {https://www.boe.es/buscar/act.php?id=BOE-A-2015-8328}
}

% ------------------------------------------------
% Ley de propiedad intelectual
% https://boe.es/buscar/act.php?id=BOE-A-1996-8930
@article{PropIntelectual,
  title={Real Decreto Legislativo 1/1996, de 12 de abril, por el que se aprueba el texto refundido de la Ley de Propiedad Intelectual, regularizando, aclarando y armonizando las disposiciones legales vigentes sobre la materia. (BOE-A-1996-8930).},
  author={BOE},
  journal={Boletín Oficial del Estado},
  number={97},
  year={1996},
  publisher={Ministerio de cultura},
  URL = {https://boe.es/buscar/act.php?id=BOE-A-1996-8930}
}

% ------------------------------------------------
% Normativa relativa a productos sanitarios
% Referencias:
    % https://www.aemps.gob.es/productos-sanitarios/legislacion-sobre-productos-sanitarios/
    % https://www.boe.es/buscar/doc.php?id=BOE-A-2009-17606
    % https://www.boe.es/buscar/doc.php?id=BOE-A-2002-10228

@online{AEMPS,
  title={Legislación sobre productos sanitarios.},
  author={AEMPS},
  journal={Agencia Española de Medicamentos y Productos Sanitarios.},
  year={2022},
  URL = {https://www.aemps.gob.es/productos-sanitarios/legislacion-sobre-productos-sanitarios/}
}
@article{prodSanitario1,
  title={Real Decreto 1591/2009, de 16 de octubre, por el que se regulan los productos sanitarios. (BOE-A-2009-17606).},
  author={BOE},
  journal={Boletín Oficial del Estado},
  number={268},
  year={2009},
  publisher={Ministerio de Sanidad y Política Social},
  URL = {https://www.boe.es/buscar/doc.php?id=BOE-A-2009-17606}
}
@article{prodSanitario2,
  title={Real Decreto 437/2002, de 10 de mayo, por el que se establecen los criterios para la concesión de licencias de funcionamiento a los fabricantes de productos sanitarios a medida.(BOE-A-2002-10228).},
  author={BOE},
  journal={Boletín Oficial del Estado},
  number={128},
  year={2002},
  publisher={Jefatura del Estado},
  URL = {https://www.boe.es/buscar/doc.php?id=BOE-A-2002-10228}
}

% ------------------------------------------------
% Reglamento EU de productos sanitarios
% https://eur-lex.europa.eu/legal-content/ES/TXT/?uri=uriserv:OJ.L_.2017.117.01.0001.01.SPA&toc=OJ:L:2017:117:TOC
@article{ProdSanitariosEU,
  title={Reglamento (UE) 2017/745 del Parlamento Europeo y del Consejo, de 5 de abril de 2017, sobre los productos sanitarios, por el que se modifican la Directiva 2001/83/CE, el Reglamento (CE) n.° 178/2002 y el Reglamento (CE) n.° 1223/2009 y por el que se derogan las Directivas 90/385/CEE y 93/42/CEE del Consejo (Texto pertinente a efectos del EEE. )},
  author={EUR-Lex},
  journal={Diario Oficial de la Unión Europea},
  year={2017},
  publisher={EUR-Lex},
  URL = {https://www.boe.es/buscar/act.php?id=BOE-A-2015-8328}
}
% ------------------------------------------------
% Normativa laboral
% https://www.boe.es/biblioteca_juridica/codigos/codigo.php?id=93&modo=2&nota=0&tab=2
@online{normaLaboral,
  title={Código Laboral y de la Seguridad Social},
  author={Agencia Estatal Boletín Oficial del Estado},
  journal={Boletín Oficial del Estado},
  URL = {https://www.boe.es/biblioteca_juridica/codigos/codigo.php?id=93&modo=2&nota=0&tab=2}
}
% ------------------------------------------------
% Ley de comercio electrónico
% https://www.boe.es/buscar/act.php?id=BOE-A-2002-13758
@article{comercioElectronico,
  title={Ley 34/2002, de 11 de julio, de servicios de la sociedad de la información y de comercio electrónico.(BOE-A-2002-13758).},
  author={BOE},
  journal={Boletín Oficial del Estado},
  number={166},
  year={2002},
  publisher={Jefatura del Estado},
  URL = {https://www.boe.es/buscar/act.php?id=BOE-A-2002-13758}
}

% ------------------------------------------------
% Ley de comercio minorista
% https://www.boe.es/buscar/act.php?id=BOE-A-1996-1072
@article{comercioMinorista,
  title={Ley 7/1996, de 15 de enero, de Ordenación del Comercio Minorista. (BOE-A-1996-1072).},
  author={BOE},
  journal={Boletín Oficial del Estado},
  number={15},
  year={1996},
  publisher={Jefatura del Estado},
  URL = {https://www.boe.es/buscar/act.php?id=BOE-A-1996-1072}
}

% ------------------------------------------------
% Normativa de comercio
% https://www.boe.es/biblioteca_juridica/codigos/codigo.php?id=35&modo=2&nota=0&tab=2
@online{comercio,
  title={Código de Comercio y legislación complementaria},
  author={Agencia Estatal Boletín Oficial del Estado},
  journal={Boletín Oficial del Estado},
  URL = {https://www.boe.es/biblioteca_juridica/codigos/codigo.php?id=35&modo=2&nota=0&tab=2}
}

% ------------------------------------------------
% Ley de protección de datos
% https://www.boe.es/buscar/doc.php?id=BOE-A-2018-16673
@article{protDatos,
  title={Ley Orgánica 3/2018, de 5 de diciembre, de Protección de Datos Personales y garantía de los derechos digitales. (BOE-A-2018-16673).},
  author={BOE},
  journal={Boletín Oficial del Estado},
  number={294},
  year={2018},
  publisher={Jefatura del Estado},
  URL = {https://www.boe.es/buscar/doc.php?id=BOE-A-2018-16673}
}

% ------------------------------------------------
% Reglamento UE de proteccion de datos
% https://eur-lex.europa.eu/ES/legal-content/summary/general-data-protection-regulation-gdpr.html
@article{protDatosEU,
  title={Reglamento (UE) 2016/679 del Parlamento Europeo y del Consejo, de 27 de abril de 2016, relativo a la protección de las personas físicas en lo que respecta al tratamiento de datos personales y a la libre circulación de estos datos y por el que se deroga la Directiva 95/46/CE (Reglamento general de protección de datos)},
  author={EUR-Lex},
  journal={Diario Oficial de la Unión Europea},
  year={2016},
  publisher = {EUR-Lex},
  URL = {https://eur-lex.europa.eu/legal-content/ES/TXT/?uri=celex\%3A32016R0679}
}

% ------------------------------------------------
% Certificado CE de la UE
% https://europa.eu/youreurope/business/product-requirements/labels-markings/ce-marking/index_es.htm
@online{certificadoEuropeo,
  title={Marcado CE},
  author={Your Europe},
  journal={Your Europe},
  URL = {https://europa.eu/youreurope/business/product-requirements/labels-markings/ce-marking/index_es.htm}
}

% ------------------------------------------------
% 
